1428 2362
501 152 863 186 CHRONOLOGIA.

99 240 184 268 ,aomo
194 238 234 269 ab
248 237 285 269 U.
299 238 330 268 C.
356 238 448 269 Anno
458 245 529 270 ante
542 239 577 271 J.
591 240 624 271 C.
646 240 734 270 Anno
750 238 830 270 Hor.
930 237 1180 271 CONSULES.

221 307 284 334 ..94
495 308 533 334 ς..
685 307 723 336 37
822 279 888 364 {Q
903 281 1006 340 §aesar
1020 282 1201 329 Octavianus
1214 283 1255 314 V.

225 320 233 335 ¹
520 318 530 337 ¹
836 325 958 354 benus
973 324 1121 364 Apuleius

138 378 292 409 Erum-um
308 378 436 409 virilium
453 379 527 409 finis.
571 379 735 419 Tmnplnm
751 379 821 410 Jani
831 379 896 421 jam
914 379 1043 419 primhin
1062 381 1116 410 sub
1136 380 1275 420 Augusto

95 421 237 452 clausum.
284 421 376 452 Dedit
393 422 471 453 Hor.
487 423 576 453 Odon
593 422 674 453 XII.
693 422 762 453 Lib.
775 422 800 453 Ι.
817 429 846 452 et
861 421 939 452 circa
963 422 1021 452 hoc
1046 429 1164 464 tempus
1184 423 1273 454 Oden

94 463 150 496 VI.
176 465 244 496 Lib.
262 464 324 495 III.

219 534 281 562 725
494 529 535 560 26
683 532 722 559 ss
821 505 1135 591 ζῇῖζῇζὲἓεῆν
1141 507 1167 539 Ῑ·

132 605 237 635 Titulo
252 605 398 645 Principis
419 611 538 635 ornatur
562 605 598 636 C.
616 604 692 635 Cass.
711 605 818 637 Oetav.
843 605 934 636 Facta
952 612 996 635 est
1011 606 1081 637 Ode
1096 605 1140 638 II.
1157 605 1227 638 Lib.
1244 605 1271 637 Ῑ.

91 646 233 678 Exti-urta
248 648 435 679 Bibliotheca
450 648 580 679 Palatina
593 647 729 688 Apollini
744 647 894 678 dedicatur
907 661 912 678 :
937 648 995 689 qna
1010 649 1047 679 de
1058 660 1089 679 re
1105 648 1272 690 composita

90 697 134 720 est
159 692 228 721 (me
253 691 392 722 XXXI.
420 691 488 722 Lib.
506 690 532 721 I.
559 691 712 721 Romanos
736 690 852 721 incessit
874 697 978 728 metus,
999 702 1034 721 ne
1054 691 1155 722 Caesar
1171 692 1271 722 sedem

88 732 202 773 {inperii
213 734 343 775 'frojam
358 735 534 771 transferret,
550 733 597 764 cui
614 733 654 764 rei
664 741 695 764 ut
710 739 887 771 occurreret,
901 733 991 764 edidit
1007 734 1088 765 Hor.
1104 735 1194 766 Oden
1205 733 1267 765 III.

92 775 162 806 Lib.
177 775 239 807 III.

216 842 280 874 736
490 845 530 871 ‘25
681 844 721 874 39
846 817 885 850 C.
901 818 1000 866 Caesar
1016 820 1087 851 Oct.
1104 819 1180 850 VII.

847 861 896 892 M.
912 862 1049 903 Agrippa
1065 861 1129 893 III.

131 916 248 947 Caesare
264 915 412 947 Britannis
427 915 539 946 bellum
558 916 663 946 inferre
678 916 837 957 cogitante,
862 917 1007 948 Horatius
1022 918 1092 949 cum
1108 930 1175 949 eum
1191 917 1220 949 in
1233 917 1270 949 ea

89 959 274 999 expeditione
289 959 496 990 comitaturum
510 970 540 989 se
553 960 694 997 crederet,
705 960 807 990 scribit
820 960 908 990 Oden
924 960 980 991 VI.
1000 961 1070 992 Lib.
1087 960 1131 992 II.
1154 961 1268 992 Veram

88 1001 247 1041 proficisse:
258 1001 284 1032 -i
314 1001 438 1042 principi
465 1001 592 1032 Arimini
621 1008 780 1032 occurrunt
804 1002 1016 1033 Britannorum
1039 1003 1127 1043 legati
1156 1003 1269 1034 bellum

87 1046 286 1084 deprecantes.
302 1044 338 1075 Iu
348 1045 421 1075 hanc
433 1044 646 1084 profectionem
664 1044 779 1085 scripsit
790 1045 869 1076 Hor.
886 1045 975 1076 Oden
988 1045 1142 1078 XXXV.
1159 1045 1228 1078 Lib.
1240 1046 1270 1079 Ῑ.

88 1087 206 1117 Eodem
230 1087 286 1117 hoc
311 1099 398 1123 anno,
421 1087 459 1117 C.
480 1086 556 1117 Caes.
575 1086 681 1117 OctaV.
700 1086 900 1127 pulcherrima
915 1087 1047 1118 oratione
1062 1090 1099 1119 ad
1123 1088 1268 1120 Senatum

87 1130 197 1166 habita,
213 1130 362 1160 contendit
377 1138 406 1159 nt
423 1141 475 1169 per
492 1129 594 1160 Patres
609 1129 664 1159 sibi
686 1129 788 1160 liceret
802 1129 939 1170 deposito
947 1130 1103 1171 'Imperio,
1123 1131 1268 1173 reliquam

83 1180 198 1203 aetatein
214 1172 242 1202 in
258 1172 320 1203 otio
335 1173 440 1211 degere
453 1185 458 1202 :
477 1171 542 1202 inde
555 1181 706 1213 sumptum
719 1179 924 1214 argumentum
936 1173 1020 1204 odes
1031 1173 1125 1205 XVI.
1139 1174 1209 1206 Lib.
1221 1174 1265 1206 II.

86 1214 196 1246 Caesari
210 1215 339 1246 delatum
356 1214 482 1255 Augusti
499 1226 617 1245 nomen.

846 1258 996 1299 Augustus
1013 1259 1113 1290 Caesar
1127 1259 1193 1290 VII
1206 1259 1222 1291 I

217 1284 275 1313 ‘27
394 1314 399 1319 ·
487 1283 528 1310 94
677 1284 721 1311 40
821 1327 833 1335 „
845 1301 976 1332 Statilius
987 1302 1106 1332 Taurus
1121 1301 1165 1333 II.

129 1343 246 1384 Scripta
260 1350 303 1374 est
321 1343 389 1374 Ode
400 1343 445 1374 X.
464 1343 533 1374 Lib.
546 1342 590 1374 II.
607 1343 676 1374 Ode
692 1343 756 1374 XI.
774 1343 844 1375 Lib.
861 1343 916 1374 IV.
933 1344 993 1385 Ep.
1004 1345 1042 1374 V.
1061 1344 1166 1376 Lib.I,
1191 1344 1265 1376 Hoc

86 1386 177 1416 aetatis
192 1386 305 1417 finierat
320 1397 415 1416 versus
436 1386 608 1416 Amatorios
623 1386 780 1428 plerosque
803 1393 832 1417 et
854 1386 918 1417 Sat.
933 1385 977 1417 II.
1002 1386 1065 1418 III.
1092 1387 1148 1419 IV.
1171 1387 1264 1419 VIII.

87 1429 149 1460 lx.
165 1436 194 1459 et
209 1429 256 1460 X.
273 1429 342 1460 Lib.
353 1428 379 1459 Ι.
425 1428 558 1459 Primam
575 1429 644 1459 item
662 1429 729 1460 Lib.
746 1429 790 1459 II.

844 1472 995 1511 Augustus
1010 1472 1076 1504 IX.

213 1497 273 1527 728
487 1498 527 1525 “33
678 1499 713 1524 4¹
815 1477 883 1553 {M
911 1515 1030 1545 Silanus

129 1558 270 1589 Phraates
282 1565 383 1589 contra
398 1558 573 1595 Tiridatem,
589 1556 638 1599 qui
651 1557 824 1589 Parthicum
839 1569 960 1598 regnum
974 1564 1180 1598 occupaverat,
1195 1569 1264 1589 cum

86 1601 258 1641 Scytharum
285 1601 473 1632 auxiliaribus
491 1601 585 1642 copiis
608 1600 813 1641 proficiscitur.
857 1599 1003 1631 Tiridates
1028 1601 1065 1631 ad
1093 1600 1263 1641 Augustum

85 1644 227 1683 confugit,
256 1656 344 1685 quein
374 1644 428 1674 sibi
455 1644 521 1674 dedi
545 1655 598 1684 per
624 1643 735 1683 legatos
758 1642 888 1684 postulat
915 1643 1068 1674 Phraates.
1122 1644 1171 1675 Fit
1193 1643 1263 1675 Ode

86 1687 217 1717 XXVI.
233 1694 261 1717 ‹et
278 1687 453 1718 XXXIII.
471 1687 540 1718 Lib.
554 1687 580 1717 I.
596 1686 665 1717 item
676 1686 732 1718 IV.
750 1686 820 1717 Lib.
832 1685 876 1716 II.
893 1686 962 1718 Ode
973 1685 1106 1718 XXVI.
1118 1686 1188 1718 Lib.
1198 1685 1262 1716 III.

86 1729 240 1761 Clauditur
254 1729 348 1761 Janus
357 1731 423 1772 jani
437 1731 491 1760 sub
507 1730 645 1770 Augusto
659 1730 831 1763 secundum,

232 1799 250 1815 4,
485 1799 524 1816 oc>
697 1799 716 1815 s,
842 1772 993 1812 Augustus
1009 1771 1055 1803 X.

211 1798 272 1829 7⁹9
488 1817 525 1826 ⁸*
676 1799 716 1825 4⁶
814 1776 879 1853 {Q
897 1815 1059 1845 Norbanus

125 1858 277 1898 Augustus
291 1858 452 1889 exercitum
470 1858 497 1889 in
513 1859 638 1896 Arabes,
654 1859 730 1889 duce
746 1856 830 1889 AElio
848 1857 947 1897 Largo
963 1856 1087 1898 AEgypti
1101 1856 1261 1895 Praefecto,

82 1900 182 1932 mittit.
228 1902 317 1932 Facta
333 1902 401 1933 Ode
418 1901 558 1933 XXIX.
576 1901 645 1933 Lib.
663 1900 688 1931 I.
718 1900 850 1932 Moritur
865 1899 1026 1935 Quintilius
1041 1900 1136 1930 Varus
1152 1898 1261 1937 Po'e'ta,

82 1944 257 1983 cognatione
283 1945 457 1986 conjunctus
480 1944 615 1983 Virgilio,
642 1944 689 1974 cui
720 1943 901 1974 consolando
929 1942 1044 1983 scripsit
1067 1941 1146 1973 Hor.
1170 1940 1259 1973 Oden

83 1986 215 2018 XXIV.
239 1988 302 2018 Lib.
316 1987 341 2018 I.
378 1988 528 2017 Maecvnas
546 1987 665 2019 Liciniae
687 1998 786 2017 amore
801 1993 914 2026 captus,
938 1996 1027 2027 quam
1042 1990 1071 2014 et
1084 1983 1175 2025 paulo
1191 1983 1260 2024 post

82 2029 175 2060 duxit.
221 2030 293 2061 Iluc
308 2037 421 2071 spectat
434 2031 502 2061 Ode
520 2030 600 2061 XII.
619 2030 687 2061 Lib.
704 2029 748 2060 II.
771 2029 858 2059 Victa
874 2027 1029 2069 Hispania.
1046 2026 1226 2058 Parthorum
1241 2024 1259 2057 εἴ

82 2072 210 2103 Phraate
225 2074 364 2104 desectio.
388 2073 456 2104 Ode
471 2073 530 2103 Vll
541 2073 563 2103 l.
581 2073 650 2104 Lib.
664 2072 725 2103 ΙΙΙ.
749 2072 900 2111 Augustus
915 2082 949 2100 cx
962 2069 1107 2110 Hispania
1118 2079 1258 2106 reversuS,

81 2115 130 2146 ubi
142 2115 308 2156 periculoso
324 2116 505 2146 laboraverat
521 2117 637 2146 inorbo.
683 2115 824 2146 Rediunn
841 2114 917 2144 hunc
933 2113 1063 2144 celebrat
1078 2112 1147 2144 Ode
1163 2111 1257 2144 XIV.

85 2157 151 2188 Lib.
163 2157 225 2189 III.
271 2159 342 2190 Huc
358 2159 446 2189 etiam
463 2159 560 2189 refu-ri
577 2165 673 2200 potest
689 2158 757 2189 Ode
774 2156 943 2188 XXXVI.
964 2155 1034 2188 Lib.
1048 2154 1074 2186 I.
