1428 2362
521 59 879 96 CHRONOLOGIA.

120 147 213 180 Anno
223 147 263 180 ab
278 146 315 180 U.
328 148 362 198 C.
386 144 479 179 Anno
488 153 558 179 aute
569 148 604 180 J.
620 147 654 180 C.
680 148 772 180 Anno
784 148 864 180 Hor.
952 145 1204 180 CONSULES.

246 216 309 246 730
520 216 557 243 ιη
710 217 751 244 48
848 189 1029 273 {gut‘ffiffs
1045 189 1108 222 XI.

160 276 234 307 Non
258 274 320 307 sine
343 276 454 306 ratione
476 276 554 306 hunc
579 287 687 307 annum
715 283 846 314 spectare.
872 276 1005 306 videntur
1033 275 1102 306 Ode
1127 275 1297 308 XXXVI.

122 317 191 349 Lib.
207 318 234 349 I.
251 319 319 350 Ode
336 318 436 350 XIII.
454 318 524 350 Lib.
537 318 581 351 II.
596 320 664 350 Ode
681 319 783 351 XIX.
798 326 827 351 et
843 317 1022 350 XXXIX.
1045 318 1114 350 Lib.
1131 318 1192 349 III.

245 387 304 417 ⁷³¹
520 387 562 414 20
709 389 751 415 44
845 359 1108 440 {ff'ffiffi'ss‘sffi

161 446 348 487 Supplicium
371 447 407 477 de
430 446 544 478 Fannio
560 447 717 488 Coepione,
741 454 770 478 et
791 445 907 478 Licinio
929 446 1069 483 Murena,
1095 448 1192 489 (cujus
1214 457 1296 478 soror

119 488 280 519 Maecenati
295 491 455 530 nupserat)
471 489 500 520 in
510 489 680 530 Augustum
696 488 927 562 conjurantibpis,
943 496 1105 562 {unfiptum⁸

738 559 748 564 -
877 542 887 561 i
919 556 924 562 .
974 545 991 561 υ
1018 543 1061 562 ius

245 557 307 587 7³⁶²
524 558 560 589 ¹9
709 559 750 585 4³
874 574 914 609 Q.
933 574 1064 614 Lepidus

160 615 297 648 Exeunte
312 618 369 648 hoc
385 629 471 656 anno,
487 624 537 648 aut
548 623 687 659 sequente
698 617 826 655 ineunte,
837 617 944 657 scripta
959 624 1001 647 est
1016 618 1084 649 Lib.
1097 617 1112 648 I
1140 617 1199 657 Ep.
1211 616 1294 648 XX.

116 658 289 698 Maecenati,
304 659 429 702 quijam
444 662 548 692 decem
563 659 690 702 amplius
705 672 796 691 annos
807 661 871 691 urbi
884 660 1039 700 praefectus
1049 662 1153 698 suern,
1165 661 1296 690 succan

115 701 259 743 Agrippa.

876 744 924 774 M.
942 744 1079 776 Aurelius

242 770 259 779 ,.
738 768 749 774 -

246 770 303 800 ‘33
521 770 557 797 ¹8
707 770 749 798 40
846 744 912 821 {P.
929 787 1018 818 Silius
1037 789 1137 819 Nerva

156 828 296 860 Tiberius
316 841 384 861 cum
406 830 530 870 imperio
553 830 582 861 in
603 830 757 862 Orientem
782 829 895 867 missus,
917 830 1076 869 Tigranem
1092 831 1121 862 in
1136 829 1296 867 Armeniae,

116 872 276 903 Plu-autem
297 871 326 902 in
353 872 479 904 Parthiae
503 884 624 913 regnum
646 873 780 903 restituit.
826 872 916 912 Signa
941 872 1087 911 Romana,
1111 885 1176 915 quae
1192 872 1296 904 Parthi

114 914 224 946 Crasso
239 921 269 945 et
287 915 334 945 M.
351 916 484 946 Antonio
499 916 687 953 abstulerant,
711 915 832 953 reddita,
857 915 1047 956 Romamque
1062 917 1190 952 remissa,
1216 915 1295 946 Hor.

115 957 217 988 scribit
233 957 303 988 Lib.
319 957 345 988 Ι.
370 958 429 999 Ep.
446 957 507 988 III.
524 957 579 989 IV.
603 966 631 988 et
645 957 721 988 VII.
746 967 776 988 ut
799 964 828 987 et
851 957 939 998 panib
964 958 1030 988 ante
1060 960 1122 990 Od.
1139 958 1242 991 XIX.
1267 964 1295 987 et

116 1000 239 1031 XXX.
266 1000 334 1030 Lib.
352 999 377 1030 Ῑ.
394 1000 455 1031 Od.
474 1000 517 1032 II.
535 1001 604 1031 Lib.
619 1000 664 1032 II.
680 1008 709 1031 et
725 1001 786 1032 Od.
802 1000 858 1032 IV.
876 999 944 1030 Lib.
962 1000 1023 1031 III.

243 1068 260 1078 ,-
875 1043 912 1074 C.
931 1042 1047 1073 Sentius
1059 1042 1232 1074 Saturninus

247 1068 305 1097 ‘34
522 1068 556 1098 17
708 1069 747 1098 47
846 1046 915 1124 {Q.
934 1085 1090 1117 Lucretius

159 1126 354 1157 Debellatum
379 1127 407 1157 in
430 1127 576 1169 Hispania
600 1139 653 1169 per
674 1127 850 1169 Agrippam,
874 1139 918 1157 res
941 1126 958 1157 ἒι
973 1128 1003 1158 T
1004 1129 1097 1159 iberio
1117 1127 1146 1158 in
1171 1127 1295 1159 Oriente

115 1176 202 1210 gestae
219 1169 350 1200 Romam
365 1169 463 1201 illatae.
497 1171 606 1202 Scribit
622 1171 701 1202 Hor.
725 1171 784 1211 Ep.
801 1169 883 1201 XII.
902 1170 969 1201 Lib.
988 1170 1011 1201 I.
1043 1169 1147 1212 Virgil.
1162 1170 1295 1201 Athenas

112 1211 317 1253 proficiscitur.
363 1212 497 1253 Megaris
518 1213 547 1244 in
569 1216 708 1245 morbum
724 1212 834 1250 incidit,
852 1213 1009 1243 Brundusii
1032 1214 1168 1244 moritur:
1193 1212 1295 1244 Roma

114 1254 312 1285 discedentem
334 1262 505 1295 prosecutus
525 1264 568 1287 est
591 1257 669 1287 Hor.
686 1256 754 1287 Ode
770 1255 831 1286 III.
858 1255 927 1285 Lib.
944 1255 970 1286 I.
1016 1256 1098 1287 Huic
1114 1267 1189 1286 anno
1205 1255 1294 1286 etiam

115 1298 239 1338 supponi
254 1305 376 1338 possunt
391 1298 460 1329 Ode
475 1298 540 1330 IX.
556 1300 627 1331 Lib.
643 1299 687 1330 II.
703 1306 732 1330 et
748 1299 810 1330 Sat.
826 1298 864 1329 V.
882 1298 952 1329 Lib.
968 1297 1012 1329 II.
1029 1310 1081 1329 nec
1097 1298 1194 1329 minus
1209 1310 1292 1329 com·

115 1340 204 1371 mode
219 1351 296 1370 anno
310 1344 383 1374 723.

243 1408 304 1439 735
522 1406 558 1437 16
707 1409 747 1436 48
844 1382 1094 1460 {gnLISgiiiiiiss's

241 1491 305 1523 736
520 1495 556 1521 15
705 1495 747 1524 49
844 1468 1043 1546 {5312}ssss

158 1552 260 1584 Ludos
286 1553 439 1583 Seculares
465 1554 545 1584 dedit
571 1553 732 1592 Augustus.
778 1552 906 1583 Carmen
935 1553 1074 1583 Seculare
1104 1553 1194 1592 paulo
1224 1554 1289 1584 anti:

114 1602 264 1636 paraverat
288 1595 367 1626 Hor.
391 1602 421 1626 ut
443 1603 472 1626 et
495 1597 556 1628 Od.
575 1596 676 1627 XXI.
704 1595 772 1626 Lib.
787 1595 813 1625 I.
850 1596 911 1627 Od.
928 1596 983 1626 VI.
1009 1596 1078 1637 Lib.
1095 1595 1151 1627 IV.
1177 1604 1207 1628 at
1231 1596 1288 1638 Ep.

116 1637 216 1670 XIII.
234 1637 303 1669 Lib.
319 1637 346 1669 I.
358 1645 387 1669 et
402 1638 461 1679 Ep.
477 1638 503 1669 I.
521 1639 591 1672 Lib.
610 1639 651 1669 11.
667 1639 704 1669 ad
719 1638 805 1679 liujus
820 1638 884 1669 anni
898 1638 985 1668 finem
1002 1640 1100 1668 referri
1116 1645 1247 1680 possunt.

174 1701 176 1703 >
241 1706 302 1736 ,37
520 1708 557 1734 14
709 1706 747 1733 50
873 1682 910 1712 L.
929 1681 1082 1711 Domitius

245 1716 255 1736 Ι
706 1725 712 1732 “
843 1686 860 1764 {
875 1724 908 1754 P.
926 1723 1027 1764 Scipio

100 1774 104 1777 ’
156 1765 308 1806 Augustus
328 1766 428 1798 Caesar
451 1767 572 1799 Liciniae
589 1765 765 1797 Maecenatis
780 1765 877 1796 uxoris
893 1778 992 1796 amore
1005 1768 1152 1806 abreptus,
1169 1766 1198 1796 in
1214 1765 1290 1797 Gal-

113 1806 184 1838 liam
205 1808 408 1849 proficiscitur,
429 1810 489 1851 quo
510 1809 630 1840 liberius
651 1821 719 1839 cum
735 1809 770 1838 est
785 1810 920 1848 degerem
944 1808 1047 1839 relicto
1062 1809 1098 1839 ad
1117 1809 1196 1839 urbis
1215 1820 1292 1849 prae-

112 1850 255 1882 secturam
272 1851 389 1883 Statilio
402 1852 515 1891 Tauro,
532 1864 585 1893 pro
599 1851 745 1893 Agrippa,
760 1858 809 1881 aut
825 1852 922 1891 potius
933 1862 987 1892 pro
1004 1850 1138 1882 Messala
1148 1850 1290 1890 Corvino,

114 1892 164 1933 qui
186 1895 223 1924 ad
242 1894 272 1924 id
292 1905 398 1925 munus
420 1895 515 1926 minus
539 1895 670 1932 idoneus,
693 1906 760 1924 eam
779 1895 880 1935 paucis
902 1893 1004 1925 diebus
1030 1900 1180 1933 tenuerat3
1202 1894 1290 1936 hujus

114 1935 180 1965 anni
195 1943 239 1967 est
253 1937 323 1967 Ode
338 1936 364 1968 I.
382 1937 451 1968 Lib.
468 1937 529 1968 III.
546 1938 614 1969 Ode
628 1937 673 1968 II.
689 1943 717 1967 et
733 1937 779 1968 X.
797 1936 866 1968 Lib.
882 1936 939 1968 IV.

240 2003 303 2034 733
520 2006 556 2033 13
710 2005 742 2031 Ἥ
873 1979 922 2010 Μ.
940 1978 1056 2009 Drusus
1075 1978 1153 2009 Libo

706 2023 712 2031 “
843 1985 862 2063 {
874 2022 911 2053 L.
925 2021 997 2052 Piso

117 2102 122 2107 ἡ
156 2061 302 2094 Sicambri
317 2070 347 2094 et
362 2064 459 2095 Rhaeti
480 2077 532 2106 per
557 2066 688 2097 Drusum
704 2071 734 2096 et
746 2064 902 2096 Tiberium
917 2063 1033 2102 devicti,
1048 2062 1121 2094 dum
1138 2062 1289 2103 Augustus

114 2113 144 2135 in
153 2103 256 2137 Gallia
270 2116 385 2137 moram
395 2107 489 2138 trahit.

927 2155 947 2188 b
