1428 2362
528 123 709 156 HORATlI
732 127 841 158 vlTA.

74 214 76 219 ·
120 213 324 253 paupertate
338 208 556 245 conflictatus
570 212 615 247 ad
631 213 765 259 poi'esim
781 213 935 247 animum
951 210 1099 258 appulit.
1137 207 1144 225 ¹
1162 208 1256 244 Hinc

122 268 328 304 Mam-enatis
346 271 533 307 amicitiam
553 274 742 317 de1ncruit;
771 288 810 310 ac
830 287 891 322 per
912 287 992 309 eum
1011 271 1158 307 subinde
1177 282 1256 305 cum

122 331 283 377 Augusto
309 334 560 378 reconciliatus,
590 337 726 383 utrique
745 337 846 372 valde
863 338 986 371 charus
1006 333 1132 375 extitit,
1160 339 1195 367 et
1220 331 1257 366 li-

122 394 283 428 beraliter
302 394 441 431 ditatus.
497 396 688 433 kSuetonio
711 399 815 434 etiam
844 405 941 438 teste,
971 394 1124 444 primum
1146 394 1259 429 scriba

124 456 346 496 Qurrstorius
376 457 449 500 suit,
490 466 569 505 post
594 460 728 495 veniam
760 462 804 495 ab
832 460 994 505 Augusto
1023 458 1257 503 impetratam.

125 514 276 550 ¹Animo
300 524 374 551 crat
400 516 420 551 a
454 520 659 555 tumultibus
689 520 829 555 urbanis
858 520 980 559 alieno,
1013 530 1259 564 secessumquc

123 579 273 613 amabat.
331 578 435 624 Apud
455 580 600 616 Sabinos
619 589 736 617 autem
756 582 902 617 libenter
920 581 1120 615 morabatur
1134 579 1168 613 in
1183 579 1260 613 fun-
1281 595 1293 604 -

123 642 206 675 dnlo
225 654 298 679 suo,
333 654 436 686 quem
456 643 620 678 describit
644 644 720 678 Lib.
748 649 773 679 1.
794 643 907 690 Epist.
934 644 984 677 16.
1039 641 1162 676 “¹Hinc
1177 640 1260 676 scri-

125 703 316 737 bendarum
331 703 559 749 epistolarum
576 719 702 740 munus
718 707 761 740 ab
777 706 938 752 Augusto
952 703 1110 739 oblatum
1128 703 1261 737 detrec-

124 765 218 799 tavit.
275 768 285 780 ⁰
300 765 426 799 Victus
445 766 678 814 frugalitatem
697 780 776 802 cum
795 766 968 802 munditia
984 765 1116 800 dilexit.
1160 764 1264 800 ⁰Fuit

124 828 280 874 corporis
292 827 411 862 habitu
426 829 521 863 brevi
535 837 570 865 et
583 832 719 865 obesus.
772 829 830 865 De
845 828 971 877 ingenii
984 827 1264 874 scriptorumque

124 889 294 936 elegantia
314 889 396 924 nibil
411 897 463 925 est
479 892 572 937 quod
591 892 715 931 dicam,
734 891 815 926 cum
835 898 889 926 tot
900 890 1019 926 secula
1029 901 1099 925 non
1117 888 1190 924 sine
1203 888 1264 923 ad—

124 951 306 986 miratione
328 952 592 997 praedicaverint
604 955 764 1000 junctam
778 954 822 987 ab
836 965 878 987 eo
895 952 930 987 in
944 951 1154 987 carminibus
1168 950 1264 986 Ana-

125 1012 274 1048 creontis
299 1012 505 1047 suauitatem
534 1026 615 1048 eum
646 1013 789 1048 Pindari
814 1014 940 1049 virtute
966 1020 1002 1048 et
1028 1012 1262 1049 sublimitate:

123 1075 159 1109 in
185 1074 403 1108 sermonibus
426 1073 509 1109 vero
527 1087 604 1109 eam
628 1075 848 1110 dicacitatem
876 1076 1056 1116 urbanam,
1086 1073 1155 1120 quii
1180 1073 1264 1109 nihil

126 1135 288 1172 solertius
302 1143 337 1170 et
351 1136 518 1183 sagacius
575 1136 739 1172 Mortuus
750 1143 804 1171 est
817 1148 908 1170 anno
922 1136 1035 1171 aetatis
1048 1139 1105 1173 57.
1160 1135 1264 1179 Erra-

126 1199 247 1244 vitque
274 1197 404 1231 libr-urii
431 1210 554 1232 manus
583 1210 626 1232 ex
655 1197 821 1232 Suetonio
849 1197 1030 1232 scribentis
1049 1202 1107 1237 59.
1163 1198 1264 1234 ”Au-

125 1267 266 1310 gustum
284 1254 455 1293 haereden']
475 1257 591 1305 palam
609 1258 832 1305 nuncupavit.
888 1259 1008 1294 Humo
1025 1259 1185 1296 conditus
1210 1267 1265 1296 est

126 1323 162 1358 in
180 1321 343 1358 extremis
364 1321 540 1367 Esquiliis,
565 1322 672 1368 juxta
690 1320 896 1357 Maecenatis
912 1322 1096 1357 tumulum.

164 1438 172 1457 i
194 1440 256 1467 Lib.
278 1443 300 1466 1.
322 1438 385 1466 Ode
403 1443 445 1467 is.
464 1439 523 1466 Lib.
539 1442 565 1466 3.
580 1438 642 1467 Ode
660 1440 703 1469 16.
782 1442 795 1454 ¹¹
815 1437 877 1466 Lib.
895 1442 918 1465 ιι
944 1436 1007 1465 Ode
1021 1441 1067 1466 31.
1090 1439 1152 1468 Lib.
1167 1443 1194 1468 2.
1210 1439 1267 1468 Sat.

224 1478 311 1515 Epod.
330 1482 352 1505 1.
840 1479 866 1504 6.
889 1477 951 1505 Lib.
970 1480 992 1504 l.
1013 1476 1101 1515 Epist.
1115 1481 1142 1507 5.

164 1517 179 1535 ¹²
200 1518 261 1545 Lib.
277 1520 302 1544 2.
324 1517 380 1544 Sat.
400 1518 425 1543 6.
447 1527 472 1544 v.
486 1520 533 1545 86.
781 1515 795 1529 ⁰
816 1516 878 1544 Lib.
892 1520 919 1546 2.
944 1517 999 1544 Sat.
1015 1519 1044 1545 3.
1059 1517 1120 1546 Lib.
1138 1521 1162 1547 l.
1177 1518 1267 1557 Epist.

167 1556 175 1576 1
197 1557 258 1584 Lib.
275 1561 295 1583 1.
317 1556 408 1583 Satzfi.
433 1555 494 1583 Lib.
514 1560 535 1584 1.
556 1555 646 1594 Epist.
662 1560 704 1585 10.
840 1557 867 1583 4.
885 1562 913 1584 et
924 1559 971 1585 20:

166 1602 184 1616 ’Π
204 1596 317 1624 Sueton.
331 1595 359 1623 in
372 1594 438 1625 Vita
452 1594 571 1623 Horatii.
783 1599 796 1618 Ρ
815 1595 928 1625 Sueten.
942 1597 990 1625 cit.
